@article{Westra2011,
author = {Westra, Harm-Jan and Jansen, Ritsert C and Fehrmann, Rudolf S N and te Meerman, Gerard J and van Heel, David and Wijmenga, Cisca and Franke, Lude},
journal = {Bioinformatics},
pages = {2104--2111},
title = {{MixupMapper}: correcting sample mix-ups in genome-wide datasets increases power to detect small genetic effects},
volume = {27},
year = {2011}
}

@article{Baggerly2009,
author = {Baggerly, Keith A. and Coombes, Kevin R.},
journal = {Ann. Appl. Stat.},
pages = {1309--1334},
title = {Deriving chemosensitivity from cell lines: Forensic bioinformatics and reproducible research in high-throughput biology},
volume = {3},
year = {2009}
}

@article{Baggerly2008,
author = {Baggerly, Keith A. and Coombes, Kevin R.},
journal = {J. Clin. Oncol.},
pages = {1186--1187},
title = {Run batch effects potentially compromise the usefulness of genomic signatures for ovarian cancer},
volume = {26},
year = {2008}
}

@article{Schadt2012,
author = {Schadt, Eric E and Woo, Sangsoon and Hao, Ke},
journal = {Nat. Genet.},
pages = {603--608},
title = {Bayesian method to predict individual {SNP} genotypes from gene expression data},
volume = {44},
year = {2012}
}
                  
@article{Ekstrom2012,
author = {Ekstr{\o}m, Claus T. and Feenstra, Bjarke},
journal = {Stat. Appl. Genet. Mol. Biol.},
number = {3},
pages = {Article 13},
title = {Detecting sample misidentifications in genetic association studies},
volume = {11},
year = {2012}
}

@article{Lynch2012,
author = {Lynch, Andy G. and Chin, Suet-Feung and Dunning, Mark J. and Caldas, Carlos and Tavar\'{e}, Simon and Curtis, Christina},
journal = {PLoS ONE},
pages = {e41815},
title = {Calling sample mix-ups in cancer population studies},
volume = {7},
year = {2012}
}
